% This file was created with JabRef 2.5.
% Encoding: Cp1252
@book{alexander1977pattern,
  title={{A} {P}attern {L}anguage: {T}owns, {B}uildings, {C}onstruction},
  author={Alexander, Christopher and Ishikawa, Sara and Silverstein, Murray},
  year={1977},
  series={Center for Environmental Structure Series},
  publisher={Oxford University Press},
  address={Oxford}
}