@book{alexander1977pattern,
  title = {{{A} {P}attern {L}anguage: {T}owns, {B}uildings, {C}onstruction}},
  author = {Alexander, Christopher and Ishikawa, Sara and Silverstein, Murray},
  year = {1977},
  series = {Center for Environmental Structure Series},
  publisher = {Oxford University Press},
  address = {Oxford},
}


@article{corneli2013roadmaps,
  title = {{Roadmaps in Peer Learning}},
  author = {Corneli, Joseph and Danoff, Charles Jeffrey and Terzi, Fabrizio and Pierce, Charlotte and Graves, John and Barondeau, R{\'e}gis},
  journal = {MeTis},
  year = {2013},
  volume = {III},
  number = {1},
  url = {http://www.metis.progedit.com/anno-iii-numero-1-giugno-2013-formare-tra-scienza-tecnica-tecnologia-temi/99-saggi/490-roadmaps-in-peer-learning.html},
}


@article{coases-penguin,
  author = {Benkler, Y.},
  title = {{{C}oase's {P}enguin, or {L}inux and the {N}ature of the {F}irm}},
  journal = {Yale Law Journal},
  volume = {112},
  pages = {369},
  year = {2002},
}


@article{alexander1999origins,
  title = {{The origins of pattern theory: The future of the theory, and the generation of a living world}},
  author = {Alexander, Christopher},
  journal = {Software, IEEE},
  volume = {16},
  number = {5},
  pages = {71--82},
  year = {1999},
  publisher = {IEEE},
}


@book{schuler2008liberating,
  title = {{Liberating voices: A pattern language for communication revolution}},
  author = {Schuler, Douglas},
  year = {2008},
  publisher = {MIT Press},
  address = {Cambridge, MA},
}


@book{bergin2012pedagogical,
  title = {{Pedagogical patterns: Advice for educators}},
  author = {Bergin, Joseph and Eckstein, Jutta and Volter, Markus and Sipos, Marianna and Wallingford, Eugene and Marquardt, Klaus and Chandler, Jane and Sharp, Helen and Manns, Mary Lynn},
  year = {2012},
  publisher = {Joseph Bergin Software Tools},
  address = {New York},
}


@phdthesis{corneli-thesis,
  title = {{Peer produced peer learning: {A} mathematics case study}},
  school = {The Open University},
  author = {Corneli, Joseph},
  year = {2014},
  url = {http://oro.open.ac.uk/40775/},
}


@book{peeragogy-handbook,
  title = {{The {P}eeragogy {H}andbook}},
  author = {H. Rheingold and others},
  year = {2015},
  edition = {3},
  address = {Chicago, IL./Somerville, MA.},
  publisher = {PubDomEd/Pierce Press},
  url = {http://peeragogy.org},
}


@misc{howard-rheingold-lecture,
  title = {{Social Media and Peer Learning: From Mediated Pedagogy to Peeragogy}},
  author = {Howard Rheingold},
  day = {23},
  month = {January},
  year = {2012},
  note = {UCâ€™s Regents Lecture, January 23, 2012.  Video retrieved from \url{http://bcnm.berkeley.edu/index.php/regents-lecture-howard-rheingold-social-media-and-peer-learning-from-mediated-pedagogy-to-peeragogy-jan-23/}},
}
